@Article{dummy1,
  author = {Deniz Akdemir},
  title = {Dummy Article 1},
  journal = {Dummy Journal 1},
  year = {2020}
}

@Article{dummy2,
  author = {Deniz Akdemir},
  title = {Dummy Article 2},
  journal = {Dummy Journal 2},
  year = {2021}
}
